@Misc{Wikipedia,
author = "Wikipedie",
title = "{\LaTeX}",
howpublished = "[online]",
revised =  "Poslední změna 9.4.2017",
cited = "!2017-04-13",
url = "https://cs.wikipedia.org/wiki/LaTeX",
}

@Book{Rybicka,
author = "Rybička, Jiří",
title = "{\LaTeX} pro začátečníky",
publisher = "Konvoj",
year = "2003",
edition = "3",
address = "Brno",
isbn = "80--7302--049--1",
}

@Book{Helmut,
author = "Helmut Kopka and Patrick W. Daly",
title = "Guide to \LaTeX",
publisher = "Addison-Wesley Professional",
year = "2003",
edition = "4",
address = "Boston",
isbn = "0--321--17385--6",
}

@Misc{Root,
author = "Šťastný, Jakub",
title = "Učíme se psát dokumenty v \LaTeX u",
howpublished = "[online]",
revised = "21.1.2008",
cited = "!2017-04-14",
url = "https://www.root.cz/clanky/ucime-se-psat-dokumenty-v-latexu-i/",
}

@MastersThesis{Matematika,
author = "Wyrwolová, Barbora",
title = "Sazba matematických formulí \LaTeX em",
school = "Univerzita Palackého v Olomouci, Přírodovědecká fakulta",
address = "Olomouc",
year = "2014",
}

@MastersThesis{Odborny,
author = "Bojko, Pavel",
title = "Problematika sazby odborného textu v prostředí \LaTeX",
school = "Jihočeská univerzita v Českých Budějovicích, Přírodovědecká fakulta",
address = "Ceské Budějovice",
year = "2011",
}

@Proceedings{Typo,
title = "Typografia",
year = "1888--2014",
publisher = "Digirama s.r.o.",
issn = "0322--9068",
}

@Misc{Speciality,
author = "Martínek, David",
title = "\LaTeX ové specialty",
howpublished = "[online]",
revised = "24.2.2010",
cited = "!2017-04-14",
url = "https://merlin.fit.vutbr.cz/wiki/index.php/Category:LaTeXové_speciality",
}

@Article{AUUGN,
author = "Wilburn, Gene",
title = "Document Processing",
journal = "AUUGN",
year = "2001",
number = "1",
pages = "45--48",
issn = "1035--7521",
}

@Article{PCMag,
author = "Simon, Barry",
title = "Scientific Word Makes Technical Documents Much Easier to Write",
journal = "PC Mag",
year = "1992",
number = "10",
pages = "50",
issn = "0888--8507",
}
