@Misc{POP3,
author = "John G. Myers and Marshall T. Rose",
title = "{RFC 1939}",
howpublished = "[online]",
revised =  "May 1996",
cited = "!2017-11-20",
url = "https://www.ietf.org/rfc/rfc1939.txt",
}

@Misc{Maildir,
author = "D.J. Bernstein",
title = "{Maildir}",
howpublished = "[online]",
cited = "!2017-11-20",
url = "https://cr.yp.to/proto/maildir.html",
}

@Misc{IMF,
author = "Peter W. Resnick",
title = "{RFC 5322}",
howpublished = "[online]",
revised =  "October 2008",
cited = "!2017-11-20",
url = "https://tools.ietf.org/html/rfc5322",
}

@Misc{ZED,
author = "Frank Thilo",
title = "C++ md5 function",
howpublished = "[online]",
cited = "!2017-11-20",
url = "http://www.zedwood.com/article/cpp-md5-function",
}


