@BOOK{analyza,
    author =    "Chris Sanders",
    title =     "{\it Practical Packet Analysis, 2nd Edition}",
    publisher = "No Starch Press",
    year =      "2011",
    isbn =      "978-1-59327-266-1",
}

@BOOK{matousek,
    author =    "Petr Matoušek",
    title =     "{\it Síťové aplikace a jejich architektura}",
    publisher = "VUTIUM",
    year =      "2014",
    isbn =      "978-80-214-3766-1",
}

@BOOK{pruvodce,
    author =    "Alena Kabelová and Libor Dostálek",
    title =     "{\it Velký průvodce protokoly TCP/IP a systémem DNS}",
    publisher = "Computer Press, Albatros Media a.s.",
    year =      "2012",
    isbn =      "978-80-251-2236-5"
}

@MISC{iptunnel,
    title = "{\it WWW stránky - manuálové stránky ip-tunnel}",
    url =   "http://man7.org/linux/man-pages/man8/ip-tunnel.8.html",
    note =  "[Online; navštíveno 20.01.2018]"
}

@MISC{gre,
    author =    "Stan Hanks and Tony Li and Dino Farinacci and Paul Traina",
    title =     "{\it Generic Routing Encapsulation (GRE), RFC 1701}",
    url =       "https://tools.ietf.org/html/rfc1701",
    note =      "[Online; navštíveno 21.01.2018]"
}

@MISC{l2tpv2,
    author =    "Gurdeep Singh Pall and Bill Palter and Allan Rubens and W. Mark Townsley and Andrew J. Valencia and                Glen Zorn",
    title =     "{\it Layer Two Tunneling Protocol "L2TP", RFC 2661}",
    url =       "https://tools.ietf.org/html/rfc2661",
    note =      "[Online; navštíveno 21.01.2018]"
}

@MISC{l2tpv3,
    author =    "Jed Lau and W. Mark Townsley and Ignacio Goyret",
    title =     "{\it Layer Two Tunneling Protocol - Version 3 (L2TPv3), RFC 3931}",
    url =       "https://tools.ietf.org/html/rfc3931",
    note =      "[Online; navštíveno 21.01.2018]"
}

@MISC{pptp,
    author =    "Kory Hamzeh and Gurdeep Singh Pall and William Verthein and Jeff Taarud and W. Andrew Little and Glen             Zorn",
    title =     "{\it Point-to-Point Tunneling Protocol (PPTP), RFC 2637}",
    url =       "https://tools.ietf.org/html/rfc2637",
    note =      "[Online; navštíveno 21.01.2018]"
}

@MISC{ipv4,
    author =    "Jon Postel",
    title =     "{\it INTERNET PROTOCOL, RFC 791}",
    url =       "https://tools.ietf.org/html/rfc791",
    note =      "[Online; navštíveno 26.01.2018]"
}

@MISC{ipv6,
    author =    "Stephen E. Deering and Robert M. Hinden",
    title =     "{\it Internet Protocol, Version 6 (IPv6), RFC 2460}",
    url =       "https://tools.ietf.org/html/rfc2460",
    note =      "[Online; navštíveno 26.01.2018]"
}

@MISC{tcp,
    author =    "Jon Postel",
    title =     "{\it TRANSMISSION CONTROL PROTOCOL, RFC 793}",
    url =       "https://tools.ietf.org/html/rfc793",
    note =      "[Online; navštíveno 26.01.2018]"
}

@MISC{udp,
    author =    "Jon Postel",
    title =     "{\it User Datagram Protocol, RFC 768}",
    url =       "https://www.ietf.org/rfc/rfc768.txt",
    note =      "[Online; navštíveno 26.01.2018]"
}
  